@article{theodoridis2003konstantinos,
  title={Pattern Recognition},
  author={Theodoridis, Sergios},
  journal={Pattern recognition},
  year={2003}
}

@article{john2020m3c,
  title={M3C: Monte Carlo reference-based consensus clustering},
  author={John, Christopher R and Watson, David and Russ, Dominic and Goldmann, Katriona and Ehrenstein, Michael and Pitzalis, Costantino and Lewis, Myles and Barnes, Michael},
  journal={Scientific reports},
  volume={10},
  number={1},
  pages={1--14},
  year={2020},
  publisher={Nature Publishing Group}
}

@article{??enbabaouglu2014critical,
  title={Critical limitations of consensus clustering in class discovery},
  author={??enbabao{\u{g}}lu, Yasin and Michailidis, George and Li, Jun Z},
  journal={Scientific reports},
  volume={4},
  number={1},
  pages={1--13},
  year={2014},
  publisher={Nature Publishing Group}
}